@online{Pinapple,
  author={Oscar Bj√∂rkman},
  title={Pinapple},
  URL={https://github.com/oscarb/pinapple},
}
